% -----------------------------------------------------------------------
% File: CogSci_Template.bib
% -----------------------------------------------------------------------

% Modified : Eli M. Silk (esilk at pitt.edu)            05/24/2005
% Modified : David Noelle (dnoelle at ucmerced.edu)     11/19/2014
@techreport{hetey2016data,
  title={Data for change: {A} statistical analysis of police stops, searches, handcuffings, and arrests in {O}akland, {C}alif., 2013-2014},
  author={Hetey, Rebecca C and Monin, Beno{\i}t and Maitreyi, Amrita and Eberhardt, Jennifer L},
  year={2016},
  institution={Stanford University, SPARQ: Social Psychological Answers to Real-World Questions}
}

@article{hetey2018numbers,
  title={The numbers don't speak for themselves: {R}acial disparities and the persistence of inequality in the criminal justice system},
  author={Hetey, Rebecca C and Eberhardt, Jennifer L},
  journal={Current Directions in Psychological Science},
  volume={27},
  number={3},
  pages={183--187},
  year={2018},
  publisher={Sage Publications Sage CA: Los Angeles, CA}
}

@article{hetey2014racial,
  title={Racial disparities in incarceration increase acceptance of punitive policies},
  author={Hetey, Rebecca C and Eberhardt, Jennifer L},
  journal={Psychological Science},
  volume={25},
  number={10},
  pages={1949--1954},
  year={2014},
  publisher={Sage Publications Sage CA: Los Angeles, CA}
}


@article{jara2016naive,
  title={The na{\"\i}ve utility calculus: Computational principles underlying commonsense psychology},
  author={Jara-Ettinger, Julian and Gweon, Hyowon and Schulz, Laura E and Tenenbaum, Joshua B},
  journal={Trends in Cognitive Sciences},
  volume={20},
  number={8},
  pages={589--604},
  year={2016},
  publisher={Elsevier}
}


@article{baker2017rational,
  title={Rational quantitative attribution of beliefs, desires and percepts in human mentalizing},
  author={Baker, Chris L and Jara-Ettinger, Julian and Saxe, Rebecca and Tenenbaum, Joshua B},
  journal={Nature Human Behaviour},
  volume={1},
  number={4},
  pages={1--10},
  year={2017},
  publisher={Nature Publishing Group}
}

@article{payne2001prejudice,
  title={Prejudice and perception: {T}he role of automatic and controlled processes in misperceiving a weapon},
  author={Payne, B Keith},
  journal={Journal of Personality and Social Psychology},
  volume={81},
  number={2},
  pages={181},
  year={2001},
  publisher={American Psychological Association}
}

@article{eberhardt2004seeing,
  title={Seeing black: {R}ace, crime, and visual processing},
  author={Eberhardt, Jennifer L and Goff, Phillip Atiba and Purdie, Valerie J and Davies, Paul G},
  journal={Journal of Personality and Social Psychology},
  volume={87},
  number={6},
  pages={876},
  year={2004},
  publisher={American Psychological Association}
}

@article{del2019criminogenic,
  title={The criminogenic and psychological effects of police stops on adolescent {B}lack and {L}atino boys},
  author={Del Toro, Juan and Lloyd, Tracey and Buchanan, Kim S and Robins, Summer Joi and Bencharit, Lucy Zhang and Smiedt, Meredith Gamson and Reddy, Kavita S and Pouget, Enrique Rodriguez and Kerrison, Erin M and Goff, Phillip Atiba},
  journal={Proceedings of the National Academy of Sciences},
  volume={116},
  number={17},
  pages={8261--8268},
  year={2019},
  publisher={National Acad Sciences}
}

@article{jara2018sensitivity,
  title={Sensitivity to the sampling process emerges from the principle of efficiency},
  author={Jara-Ettinger, Julian and Sun, Felix and Schulz, Laura and Tenenbaum, Joshua B},
  journal={Cognitive Science},
  volume={42},
  pages={270--286},
  year={2018},
  publisher={Wiley Online Library}
}

@article{wellman2016infants,
  title={Infants use statistical sampling to understand the psychological world},
  author={Wellman, Henry M and Kushnir, Tamar and Xu, Fei and Brink, Kimberly A},
  journal={Infancy},
  volume={21},
  number={5},
  pages={668--676},
  year={2016},
  publisher={Wiley Online Library}
}

@article{kushnir2010young,
  title={Young children use statistical sampling to infer the preferences of other people},
  author={Kushnir, Tamar and Xu, Fei and Wellman, Henry M},
  journal={Psychological Science},
  volume={21},
  number={8},
  pages={1134--1140},
  year={2010},
  publisher={Sage Publications Sage CA: Los Angeles, CA}
}

@article{gweon2010infants,
  title={Infants consider both the sample and the sampling process in inductive generalization},
  author={Gweon, Hyowon and Tenenbaum, Joshua B and Schulz, Laura E},
  journal={Proceedings of the National Academy of Sciences},
  volume={107},
  number={20},
  pages={9066--9071},
  year={2010},
  publisher={National Acad Sciences}
}

@book{sutton998,
  Address = {Cambridge},
  Author = {Richard S Sutton and A G Barto},
  Publisher = {MIT Press},
  Title = {Reinforcement learning: {A}n introduction},
  Volume = {1},
  Year = {1998}}

@inproceedings{liu19,
  Address = {Montreal, QB},
  Author = {Shari Liu and John P McCoy and Tomer D Ullman},
  Booktitle = {{Proceedings of the 41st Annual Conference of the Cognitive Science Society}},
  Editor = {A K Goel and C M Seifert and C Freksa},
  Pages = {678--684},
  Publisher = {Cognitive Science Society},
  Title = {People's perception of others' risk preferences},
  Year = {2019}}

@article{salvatier2016probabilistic,
  title={{Probabilistic programming in Python using PyMC3}},
  author={Salvatier, John and Wiecki, Thomas V and Fonnesbeck, Christopher},
  journal={PeerJ Computer Science},
  volume={2},
  pages={e55},
  year={2016},
  publisher={PeerJ Inc.}
}

@misc{bates2015fitting,
  title={Fitting Linear Mixed-Effects Models Using lme4},
  author={Bates, D and M{\"a}chler, M and Bolker, B and Walker, S},
  year={2015}
}

@article{jolly2018pymer4,
  title={Pymer4: {C}onnecting {R} and {P}ython for linear mixed modeling},
  author={Jolly, Eshin},
  journal={Journal of Open Source Software},
  volume={3},
  number={31},
  pages={862},
  year={2018}
}
% -----------------------------------------------------------------------
% Document End
% -----------------------------------------------------------------------
